% Encoding: UTF-8

@Article{vedantham2015digital,
  author    = {Vedantham, Srinivasan and Karellas, Andrew and Vijayaraghavan, Gopal R and Kopans, Daniel B},
  title     = {Digital breast tomosynthesis: state of the art},
  journal   = {Radiology},
  year      = {2015},
  volume    = {277},
  number    = {3},
  pages     = {663--684},
  publisher = {Radiological Society of North America},
}
