
@article{vedantham2015digital,
  title={Digital breast tomosynthesis: state of the art},
  author={Vedantham, Srinivasan and Karellas, Andrew and Vijayaraghavan, Gopal R and Kopans, Daniel B},
  journal={Radiology},
  volume={277},
  number={3},
  pages={663--684},
  year={2015},
  publisher={Radiological Society of North America}
}


